@ARTICLE{caussinu+ruiz,
author = "H. Caussinus and S. Hakam and A. Ruiz-Gazen",
title= "Projections révélatrices contrôlées. Recherche d'individus atypiques",
journal  = "Revue de Statistique Appliquée",
year = 2002,
volume = 50,
number=4,
}

@ARTICLE{caussinu+ruiz2,
author =  "H. Caussinus and M. Fekri and S. Hakam and A. Ruiz-Gazen",
title = "A monitoring display of multivariate outliers",
journal =  "Computational Statistics and Data Analysis",
year = 2003,
volume = 44, 
month = "October",
pages = "237-252",
}

